@article{khandy2017dft,
  title={DFT investigations on mechanical stability, electronic structure and magnetism in Co2TaZ (Z= Al, Ga, In) heusler alloys},
  author={Khandy, Shakeel Ahmad and Gupta, Dinesh C},
  journal={Semiconductor Science and Technology},
  volume={32},
  number={12},
  pages={125019},
  year={2017},
  publisher={IOP Publishing}
}

@article{srivastava2020investigation,
  title={Investigation of the electronic, magnetic, elastic, thermodynamic and thermoelectric properties of Mn2CoCr Heusler compound: A DFT-based simulation},
  author={Srivastava, Vipul and Kaur, Navdeep and Khenata, Rabah and Dar, Sajad A},
  journal={Journal of Magnetism and Magnetic Materials},
  volume={513},
  pages={167107},
  year={2020},
  publisher={Elsevier}
}

@article{dietl2009exchange,
  title={EXCHANGE INTERACTIONS: SUPER-EXCHANGE, DOUBLE EXCHANGE, RKKY; MAGNETIC ORDERS},
  author={Dietl, Tomasz},
  journal={Annals of the West University of Timisoara. Physics Series},
  volume={53},
  pages={24},
  year={2009},
  publisher={West University of Timisoara}
}
 
@article{klitzing:qhe,
  title={Spinning electrons and the structure of spectra},
  author={Uhlenbeck, George E and Goudsmit, Samuel},
  journal={Nature},
  volume={117},
  number={2938},
  pages={264--265},
  year={1926},
  publisher={Nature Publishing Group}
}

@article{commins:qhe,
  title={Electron spin and its history},
  author={Commins, Eugene D},
  journal={Annual Review of Nuclear and Particle Science},
  volume={62},
  pages={133--157},
  year={2012},
  publisher={Annual Reviews}
}

@article{heusler1903magnetisch,
  title={Magnetisch-chemische studien},
  author={Heusler, Fr and Starck, W and Haupt, E},
  journal={Verh. Dtsch. Phys. Ges},
  volume={5},
  pages={219--232},
  year={1903}
}

@article{de1983new,
  title={New class of materials: half-metallic ferromagnets},
  author={De Groot, RA and Mueller, FM and Van Engen, PG and Buschow, KHJ},
  journal={Physical Review Letters},
  volume={50},
  number={25},
  pages={2024},
  year={1983},
  publisher={APS}
}

@article{feng2014first,
  title={First-principles investigation of half-metallic ferromagnetism of half-Heusler compounds XYZ},
  author={Feng, L and Liu, EK and Zhang, WX and Wang, WH and Wu, GH},
  journal={Journal of magnetism and magnetic materials},
  volume={351},
  pages={92--97},
  year={2014},
  publisher={Elsevier}
}

@article{zhang2017two,
  title={Two prospective Li-based half-Heusler alloys for spintronic applications based on structural stability and spin--orbit effect},
  author={Zhang, RL and Damewood, L and Zeng, YJ and Xing, HZ and Fong, CY and Yang, LH and Peng, RW and Felser, C},
  journal={Journal of Applied Physics},
  volume={122},
  number={1},
  pages={013901},
  year={2017},
  publisher={AIP Publishing LLC}
}

@article{ma2017computational,
  title={Computational investigation of half-Heusler compounds for spintronics applications},
  author={Ma, Jianhua and Hegde, Vinay I and Munira, Kamaram and Xie, Yunkun and Keshavarz, Sahar and Mildebrath, David T and Wolverton, C and Ghosh, Avik W and Butler, WH},
  journal={Physical Review B},
  volume={95},
  number={2},
  pages={024411},
  year={2017},
  publisher={APS}
}

@article{dehghan2019d0,
  title={d0-d half-Heusler alloys: A potential class of advanced spintronic materials},
  author={Dehghan, A and Davatolhagh, S},
  journal={Journal of Alloys and Compounds},
  volume={772},
  pages={132--139},
  year={2019},
  publisher={Elsevier}
}

@article{wan2019materials,
  title={Materials discovery and properties prediction in thermal transport via materials informatics: a mini review},
  author={Wan, Xiao and Feng, Wentao and Wang, Yunpeng and Wang, Haidong and Zhang, Xing and Deng, Chengcheng and Yang, Nuo},
  journal={Nano letters},
  volume={19},
  number={6},
  pages={3387--3395},
  year={2019},
  publisher={ACS Publications}
}

@article{ouyang2020accuracy,
  title={Accuracy of Machine Learning Potential for Predictions of Multiple-Target Physical Properties},
  author={Ouyang, Yulou and Zhang, Zhongwei and Yu, Cuiqian and He, Jia and Yan, Gang and Chen, Jie},
  journal={Chinese Physics Letters},
  volume={37},
  number={12},
  pages={126301},
  year={2020},
  publisher={IOP Publishing}
}

@article{ouyang2021machine,
  title={Machine learning approach for the prediction and optimization of thermal transport properties},
  author={Ouyang, Yulou and Yu, Cuiqian and Yan, Gang and Chen, Jie},
  journal={Frontiers of Physics},
  volume={16},
  number={4},
  pages={1--16},
  year={2021},
  publisher={Springer}
}

@article{wang2021prediction,
  title={Prediction of tubular solar still performance by machine learning integrated with Bayesian optimization algorithm},
  author={Wang, Yunpeng and Kandeal, AW and Swidan, Ahmed and Sharshir, Swellam W and Abdelaziz, Gamal B and Halim, MA and Kabeel, AE and Yang, Nuo},
  journal={Applied Thermal Engineering},
  volume={184},
  pages={116233},
  year={2021},
  publisher={Elsevier}
}

@article{miyazaki2021machine,
  title={Machine learning based prediction of lattice thermal conductivity for half-Heusler compounds using atomic information},
  author={Miyazaki, Hidetoshi and Tamura, Tomoyuki and Mikami, Masashi and Watanabe, Kosuke and Ide, Naoki and Ozkendir, Osman Murat and Nishino, Yoichi},
  journal={Scientific reports},
  volume={11},
  number={1},
  pages={1--8},
  year={2021},
  publisher={Nature Publishing Group}
}

@article{zhang2020machine,
  title={Machine learning modeling of lattice constants for half-Heusler alloys},
  author={Zhang, Yun and Xu, Xiaojie},
  journal={AIP Advances},
  volume={10},
  number={4},
  pages={045121},
  year={2020},
  publisher={AIP Publishing LLC}
}

@incollection{graf2013magnetic,
  title={Magnetic heusler compounds},
  author={Graf, Tanja and Winterlik, J{\"u}rgen and M{\"u}chler, Lukas and Fecher, Gerhard H and Felser, Claudia and Parkin, Stuart SP},
  booktitle={Handbook of magnetic materials},
  volume={21},
  pages={1--75},
  year={2013},
  publisher={Elsevier}
}

@article{claussen2020detection,
  title={Detection of topological materials with machine learning},
  author={Claussen, Nikolas and Bernevig, B Andrei and Regnault, Nicolas},
  journal={Physical Review B},
  volume={101},
  number={24},
  pages={245117},
  year={2020},
  publisher={APS}
}

@article{ming2019quantum,
  title={Quantum topology identification with deep neural networks and quantum walks},
  author={Ming, Yurui and Lin, Chin-Teng and Bartlett, Stephen D and Zhang, Wei-Wei},
  journal={npj Computational Materials},
  volume={5},
  number={1},
  pages={1--7},
  year={2019},
  publisher={Nature Publishing Group}
}

@article{chonghe2003prediction,
  title={Prediction of lattice constant in perovskites of GdFeO3 structure},
  author={Chonghe, Li and Yihao, Thing and Yingzhi, Zeng and Chunmei, Wang and Ping, Wu},
  journal={Journal of Physics and Chemistry of Solids},
  volume={64},
  number={11},
  pages={2147--2156},
  year={2003},
  publisher={Elsevier}
}

@article{jiang2006prediction,
  title={Prediction of lattice constant in cubic perovskites},
  author={Jiang, LQ and Guo, JK and Liu, HB and Zhu, M and Zhou, X and Wu, P and Li, CH},
  journal={Journal of Physics and Chemistry of Solids},
  volume={67},
  number={7},
  pages={1531--1536},
  year={2006},
  publisher={Elsevier}
}

@article{andrejevic2020machine,
  title={Machine learning spectral indicators of topology},
  author={Andrejevic, Nina and Andrejevic, Jovana and Rycroft, Chris H and Li, Mingda},
  journal={arXiv preprint arXiv:2003.00994},
  year={2020}
}

@article{fine1984elastic,
  title={Elastic constants versus melting temperature in metals},
  author={Fine, ME and Brown, LD and Marcus, HL},
  journal={Scripta metallurgica},
  volume={18},
  number={9},
  pages={951--956},
  year={1984},
  publisher={Elsevier}
}

@book{gilman2009chemistry,
  title={Chemistry and physics of mechanical hardness},
  author={Gilman, John J},
  volume={5},
  year={2009},
  publisher={John Wiley \& Sons}
}

@article{wu2017critical,
  title={A critical study of the elastic properties and stability of Heusler compounds: phase change and tetragonal $ X\_ $\{$2$\}$ YZ $ compounds},
  author={Wu, Shu-Chun and Naghavi, S Shahab and Fecher, Gerhard H and Felser, Claudia},
  journal={arXiv preprint arXiv:1704.01741},
  year={2017}
}

@article{ong2013python,
  title={Python Materials Genomics (pymatgen): A robust, open-source python library for materials analysis},
  author={Ong, Shyue Ping and Richards, William Davidson and Jain, Anubhav and Hautier, Geoffroy and Kocher, Michael and Cholia, Shreyas and Gunter, Dan and Chevrier, Vincent L and Persson, Kristin A and Ceder, Gerbrand},
  journal={Computational Materials Science},
  volume={68},
  pages={314--319},
  year={2013},
  publisher={Elsevier}
}